<record><leader>00000cas a22000007a 4500</leader><controlfield tag="001">29045206</controlfield><controlfield tag="008">931018d193719uucaudn ne      0    0eng d</controlfield><controlfield tag="009">14485</controlfield><datafield ind1=" " ind2=" " tag="010"><subfield code="a">sn 93053202 </subfield></datafield><datafield ind1=" " ind2=" " tag="040"><subfield code="a">CNK</subfield><subfield code="b">eng</subfield><subfield code="c">CNK</subfield><subfield code="d">OCLCQ</subfield></datafield><datafield ind1="1" ind2=" " tag="029"><subfield code="a">AU@</subfield><subfield code="b">000025904206</subfield></datafield><datafield ind1=" " ind2=" " tag="042"><subfield code="a">msc</subfield></datafield><datafield ind1="0" ind2=" " tag="130"><subfield code="a">Evening globe (Gridley, Calif.)</subfield></datafield><datafield ind1="0" ind2="4" tag="245"><subfield code="a">The evening globe.</subfield></datafield><datafield ind1=" " ind2=" " tag="260"><subfield code="a">Gridley, Calif. :</subfield><subfield code="b">W.S. Grant</subfield></datafield><datafield ind1=" " ind2=" " tag="300"><subfield code="a">v.</subfield></datafield><datafield ind1=" " ind2=" " tag="310"><subfield code="a">Daily (except Sun.)</subfield></datafield><datafield ind1="0" ind2=" " tag="362"><subfield code="a">Vol. 32, no. 24 (Dec. 7, 1937)-</subfield></datafield><datafield ind1=" " ind2="4" tag="651"><subfield code="a">Gridley (Calif.)</subfield><subfield code="v">Newspapers.</subfield></datafield><datafield ind1=" " ind2=" " tag="752"><subfield code="a">United States</subfield><subfield code="b">California</subfield><subfield code="c">Butte</subfield><subfield code="d">Gridley.</subfield></datafield><datafield ind1="0" ind2="0" tag="780"><subfield code="t">Gridley daily evening globe</subfield><subfield code="w">(DLC)sn 93053201</subfield></datafield></record>